@article{ciemer2020early,
  title={An early-warning indicator for Amazon droughts exclusively based on tropical Atlantic sea surface temperatures},
  author={Ciemer, Catrin and Rehm, Lars and Kurths, Juergen and Donner, Reik V and Winkelmann, Ricarda and Boers, Niklas},
  journal={Environmental Research Letters},
  volume={15},
  number={9},
  pages={094087},
  year={2020},
  publisher={IOP Publishing}
}

@article{schlund2020constraining,
  title={Constraining uncertainty in projected gross primary production with machine learning},
  author={Schlund, Manuel and Eyring, Veronika and Camps-Valls, Gustau and Friedlingstein, Pierre and Gentine, Pierre and Reichstein, Markus},
  journal={Journal of Geophysical Research: Biogeosciences},
  volume={125},
  number={11},
  pages={e2019JG005619},
  year={2020},
  publisher={Wiley Online Library}
}

@article{smith2008improvements,
  title={Improvements to NOAA's historical merged land--ocean surface temperature analysis (1880--2006)},
  author={Smith, Thomas M and Reynolds, Richard W and Peterson, Thomas C and Lawrimore, Jay},
  journal={Journal of Climate},
  volume={21},
  number={10},
  pages={2283--2296},
  year={2008}
}

@article{funk2015climate,
  title={The climate hazards infrared precipitation with stations-a new environmental record for monitoring extremes},
  author={Funk, Chris and Peterson, Pete and Landsfeld, Martin and Pedreros, Diego and Verdin, James and Shukla, Shraddhanand and Husak, Gregory and Rowland, James and Harrison, Laura and Hoell, Andrew and others},
  journal={Scientific data},
  volume={2},
  number={1},
  pages={1--21},
  year={2015},
  publisher={Nature Publishing Group}
}

@article{schulzweida2019cdo,
  title={CDO user guide (version 1.9. 6)},
  author={Schulzweida, Uwe},
  journal={Max Planck Institute for Meteorology: Hamburg, Germany},
  year={2019}
}

@online{PIC,
author = {Potsdam Institute for Climate Impact Research (PIK) e. V.},
title = {Potsdam Insitute for Climate Impact Research},
year = 2021,
url = {https://www.pik-potsdam.de/en},
urldate = {20-04-21}
}