@misc{schneider2018statistical,
  title={Statistical inference with emergent constraints},
  author={Schneider, T},
  year={2018}
}