@article{ciemer2020early,
  title={An early-warning indicator for Amazon droughts exclusively based on tropical Atlantic sea surface temperatures},
  author={Ciemer, Catrin and Rehm, Lars and Kurths, Juergen and Donner, Reik V and Winkelmann, Ricarda and Boers, Niklas},
  journal={Environmental Research Letters},
  volume={15},
  number={9},
  pages={094087},
  year={2020},
  publisher={IOP Publishing}
}

@article{schlund2020constraining,
  title={Constraining uncertainty in projected gross primary production with machine learning},
  author={Schlund, Manuel and Eyring, Veronika and Camps-Valls, Gustau and Friedlingstein, Pierre and Gentine, Pierre and Reichstein, Markus},
  journal={Journal of Geophysical Research: Biogeosciences},
  volume={125},
  number={11},
  pages={e2019JG005619},
  year={2020},
  publisher={Wiley Online Library}
}

@article{smith2008improvements,
  title={Improvements to NOAA's historical merged land--ocean surface temperature analysis (1880--2006)},
  author={Smith, Thomas M and Reynolds, Richard W and Peterson, Thomas C and Lawrimore, Jay},
  journal={Journal of Climate},
  volume={21},
  number={10},
  pages={2283--2296},
  year={2008}
}

@article{funk2015climate,
  title={The climate hazards infrared precipitation with stations-a new environmental record for monitoring extremes},
  author={Funk, Chris and Peterson, Pete and Landsfeld, Martin and Pedreros, Diego and Verdin, James and Shukla, Shraddhanand and Husak, Gregory and Rowland, James and Harrison, Laura and Hoell, Andrew and others},
  journal={Scientific data},
  volume={2},
  number={1},
  pages={1--21},
  year={2015},
  publisher={Nature Publishing Group}
}

@article{schulzweida2019cdo,
  title={CDO user guide (version 1.9. 6)},
  author={Schulzweida, Uwe},
  journal={Max Planck Institute for Meteorology: Hamburg, Germany},
  year={2019}
}

@online{PIC,
author = {Potsdam Institute for Climate Impact Research (PIK) e. V.},
title = {Potsdam Insitute for Climate Impact Research},
year = 2021,
url = {https://www.pik-potsdam.de/en},
urldate = {20-04-21}
}

@book{fahrmeir1996multivariate,
  title={Multivariate statistische verfahren},
  author={Fahrmeir, Ludwig and Brachinger, Wolfgang and Hamerle, Alfred and Tutz, Gerhard},
  year={1996},
  publisher={Walter de Gruyter}
}

@book{hastie2009elements,
  title={The elements of statistical learning: data mining, inference, and prediction},
  author={Hastie, Trevor and Tibshirani, Robert and Friedman, Jerome H and Friedman, Jerome H},
  volume={2},
  year={2009},
  publisher={Springer}
}

@article{tibshirani2001estimating,
  title={Estimating the number of clusters in a data set via the gap statistic},
  author={Tibshirani, Robert and Walther, Guenther and Hastie, Trevor},
  journal={Journal of the Royal Statistical Society: Series B (Statistical Methodology)},
  volume={63},
  number={2},
  pages={411--423},
  year={2001},
  publisher={Wiley Online Library}
}

@article{funk2015climate,
  title={The climate hazards infrared precipitation with stations-a new environmental record for monitoring extremes},
  author={Funk, Chris and Peterson, Pete and Landsfeld, Martin and Pedreros, Diego and Verdin, James and Shukla, Shraddhanand and Husak, Gregory and Rowland, James and Harrison, Laura and Hoell, Andrew and others},
  journal={Scientific data},
  volume={2},
  number={1},
  pages={1--21},
  year={2015},
  publisher={Nature Publishing Group}
}

@article{huang2017noaa,
  title={NOAA extended reconstructed sea surface temperature (ERSST), version 5},
  author={Huang, Boyin and Thorne, Peter W and Banzon, Viva F and Boyer, Tim and Chepurin, Gennady and Lawrimore, Jay H and Menne, Matthew J and Smith, Thomas M and Vose, Russell S and Zhang, Huai-Min and others},
  journal={NOAA National Centers for Environmental Information},
  volume={30},
  pages={8179--8205},
  year={2017}
}

@article{tibshirani2005sparsity,
  title={Sparsity and smoothness via the fused lasso},
  author={Tibshirani, Robert and Saunders, Michael and Rosset, Saharon and Zhu, Ji and Knight, Keith},
  journal={Journal of the Royal Statistical Society: Series B (Statistical Methodology)},
  volume={67},
  number={1},
  pages={91--108},
  year={2005},
  publisher={Wiley Online Library}
}

@Manual{genlassopackage,
    title = {genlasso: Path Algorithm for Generalized Lasso Problems},
    author = {Taylor B. Arnold and Ryan J. Tibshirani},
    year = {2020},
    note = {R package version 1.5},
    url = {https://CRAN.R-project.org/package=genlasso},
  }

@article{wickham2012glyph,
  title={Glyph-maps for visually exploring temporal patterns in climate data and models},
  author={Wickham, Hadley and Hofmann, Heike and Wickham, Charlotte and Cook, Dianne},
  journal={Environmetrics},
  volume={23},
  number={5},
  pages={382--393},
  year={2012},
  publisher={Wiley Online Library}
}

@Article{glmnet-package,
    title = {Regularization Paths for Generalized Linear Models via
      Coordinate Descent},
    author = {Jerome Friedman and Trevor Hastie and Robert Tibshirani},
    journal = {Journal of Statistical Software},
    year = {2010},
    volume = {33},
    number = {1},
    pages = {1--22},
    url = {https://www.jstatsoft.org/v33/i01/},
    doi = {10.18637/jss.v033.i01},
  }
  
@book{van2007prediction,
  title={Prediction accuracy and stability of regression with optimal scaling transformations},
  author={Van der Kooij, Anita J},
  year={2007},
  publisher={Leiden University}
}

@article{arnold2016efficient,
  title={Efficient implementations of the generalized lasso dual path algorithm},
  author={Arnold, Taylor B and Tibshirani, Ryan J},
  journal={Journal of Computational and Graphical Statistics},
  volume={25},
  number={1},
  pages={1--27},
  year={2016},
  publisher={Taylor \& Francis}
}

@article{tibshirani2011solution,
  title={The solution path of the generalized lasso},
  author={Tibshirani, Ryan J and Taylor, Jonathan},
  journal={The annals of statistics},
  volume={39},
  number={3},
  pages={1335--1371},
  year={2011},
  publisher={Institute of Mathematical Statistics}
}

